@article{fuzz_unix,
author = {Miller, Barton P. and Fredriksen, Lars and So, Bryan},
title = {An Empirical Study of the Reliability of UNIX Utilities},
year = {1990},
issue_date = {Dec. 1990},
publisher = {Association for Computing Machinery},
address = {New York, NY, USA},
volume = {33},
number = {12},
issn = {0001-0782},
url = {https://doi.org/10.1145/96267.96279},
doi = {10.1145/96267.96279},
journal = {Commun. ACM},
month = {dec},
pages = {32–44},
numpages = {13}
}

@INPROCEEDINGS{corbfuzz,
  author={Shou, Chaofan and Kadron, İsmet Burak and Su, Qi and Bultan, Tevfik},
  booktitle={2021 36th IEEE/ACM International Conference on Automated Software Engineering (ASE)}, 
  title={CorbFuzz: Checking Browser Security Policies with Fuzzing}, 
  year={2021},
  volume={},
  number={},
  pages={215-226},
  doi={10.1109/ASE51524.2021.9678636}
}

@article{fuzz_graphics,
author = {Donaldson, Alastair F. and Evrard, Hugues and Lascu, Andrei and Thomson, Paul},
title = {Automated Testing of Graphics Shader Compilers},
year = {2017},
issue_date = {October 2017},
publisher = {Association for Computing Machinery},
address = {New York, NY, USA},
volume = {1},
number = {OOPSLA},
url = {https://doi.org/10.1145/3133917},
doi = {10.1145/3133917},
journal = {Proc. ACM Program. Lang.},
month = {oct},
articleno = {93},
numpages = {29},
keywords = {testing, shaders, GLSL, OpenGL, GPUs, compilers}
}

@ARTICLE{fuzz_vehicle,
  author={Moukahal, Lama J. and Zulkernine, Mohammad and Soukup, Martin},
  journal={IEEE Transactions on Reliability}, 
  title={Vulnerability-Oriented Fuzz Testing for Connected Autonomous Vehicle Systems}, 
  year={2021},
  volume={70},
  number={4},
  pages={1422-1437},
  doi={10.1109/TR.2021.3112538}
}

@InProceedings{emp_tf,
author="Jia, Li
and Zhong, Hao
and Wang, Xiaoyin
and Huang, Linpeng
and Lu, Xuansheng",
editor="Nah, Yunmook
and Cui, Bin
and Lee, Sang-Won
and Yu, Jeffrey Xu
and Moon, Yang-Sae
and Whang, Steven Euijong",
title="An Empirical Study on Bugs Inside TensorFlow",
booktitle="Database Systems for Advanced Applications",
year="2020",
publisher="Springer International Publishing",
address="Cham",
pages="604--620",
isbn="978-3-030-59410-7"
}

@inproceedings{predoo,
author = {Zhang, Xufan and Sun, Ning and Fang, Chunrong and Liu, Jiawei and Liu, Jia and Chai, Dong and Wang, Jiang and Chen, Zhenyu},
title = {Predoo: Precision Testing of Deep Learning Operators},
year = {2021},
isbn = {9781450384599},
publisher = {Association for Computing Machinery},
address = {New York, NY, USA},
url = {https://doi.org/10.1145/3460319.3464843},
doi = {10.1145/3460319.3464843},
booktitle = {Proceedings of the 30th ACM SIGSOFT International Symposium on Software Testing and Analysis},
pages = {400–412},
numpages = {13},
keywords = {floating-point operation, precision testing, deep learning operators},
location = {Virtual, Denmark},
series = {ISSTA 2021}
}

@inproceedings{freefuzz,
author = {Wei, Anjiang and Deng, Yinlin and Yang, Chenyuan and Zhang, Lingming},
title = {Free Lunch for Testing: Fuzzing Deep-Learning Libraries from Open Source},
year = {2022},
isbn = {9781450392211},
publisher = {Association for Computing Machinery},
address = {New York, NY, USA},
url = {https://doi.org/10.1145/3510003.3510041},
doi = {10.1145/3510003.3510041},
booktitle = {Proceedings of the 44th International Conference on Software Engineering},
pages = {995–1007},
numpages = {13},
location = {Pittsburgh, Pennsylvania},
series = {ICSE '22}
}

@inproceedings{deeprel,
author = {Deng, Yinlin and Yang, Chenyuan and Wei, Anjiang and Zhang, Lingming},
title = {Fuzzing Deep-Learning Libraries via Automated Relational API Inference},
year = {2022},
isbn = {9781450394130},
publisher = {Association for Computing Machinery},
address = {New York, NY, USA},
url = {https://doi.org/10.1145/3540250.3549085},
doi = {10.1145/3540250.3549085},
booktitle = {Proceedings of the 30th ACM Joint European Software Engineering Conference and Symposium on the Foundations of Software Engineering},
pages = {44–56},
numpages = {13},
keywords = {Oracle Inference, Differential Testing, Fuzz Testing, Deep Learning},
location = {Singapore, Singapore},
series = {ESEC/FSE 2022}
}

@inproceedings{cradle,
author = {Pham, Hung Viet and Lutellier, Thibaud and Qi, Weizhen and Tan, Lin},
title = {CRADLE: Cross-Backend Validation to Detect and Localize Bugs in Deep Learning Libraries},
year = {2019},
publisher = {IEEE Press},
url = {https://doi.org/10.1109/ICSE.2019.00107},
doi = {10.1109/ICSE.2019.00107},
booktitle = {Proceedings of the 41st International Conference on Software Engineering},
pages = {1027–1038},
numpages = {12},
keywords = {software testing, bugs detection, deep learning software testing, cross-implementation testing},
location = {Montreal, Quebec, Canada},
series = {ICSE '19}
}

@inproceedings{lemon,
author = {Wang, Zan and Yan, Ming and Chen, Junjie and Liu, Shuang and Zhang, Dongdi},
title = {Deep Learning Library Testing via Effective Model Generation},
year = {2020},
isbn = {9781450370431},
publisher = {Association for Computing Machinery},
address = {New York, NY, USA},
url = {https://doi.org/10.1145/3368089.3409761},
doi = {10.1145/3368089.3409761},
booktitle = {Proceedings of the 28th ACM Joint Meeting on European Software Engineering Conference and Symposium on the Foundations of Software Engineering},
pages = {788–799},
numpages = {12},
keywords = {Search-based Software Testing, Library Testing, Mutation, Deep Learning Testing, Model Generation},
location = {Virtual Event, USA},
series = {ESEC/FSE 2020}
}

@inproceedings{graphfuzzer,
author = {Luo, Weisi and Chai, Dong and Run, Xiaoyue and Wang, Jiang and Fang, Chunrong and Chen, Zhenyu},
title = {Graph-Based Fuzz Testing for Deep Learning Inference Engines},
year = {2021},
isbn = {9781450390859},
publisher = {IEEE Press},
url = {https://doi.org/10.1109/ICSE43902.2021.00037},
doi = {10.1109/ICSE43902.2021.00037},
booktitle = {Proceedings of the 43rd International Conference on Software Engineering},
pages = {288–299},
numpages = {12},
keywords = {Monte Carlo Tree Search, Deep Learning Inference Engine, Deep Learning Models, Operator-Level Coverage, Graph Theory},
location = {Madrid, Spain},
series = {ICSE '21}
}

@inproceedings{muffin,
author = {Gu, Jiazhen and Luo, Xuchuan and Zhou, Yangfan and Wang, Xin},
title = {Muffin: Testing Deep Learning Libraries via Neural Architecture Fuzzing},
year = {2022},
isbn = {9781450392211},
publisher = {Association for Computing Machinery},
address = {New York, NY, USA},
url = {https://doi.org/10.1145/3510003.3510092},
doi = {10.1145/3510003.3510092},
booktitle = {Proceedings of the 44th International Conference on Software Engineering},
pages = {1418–1430},
numpages = {13},
keywords = {library testing, deep learning testing, model generation, fuzzing},
location = {Pittsburgh, Pennsylvania},
series = {ICSE '22}
}

@inproceedings{nnsmith,
author = {Liu, Jiawei and Lin, Jinkun and Ruffy, Fabian and Tan, Cheng and Li, Jinyang and Panda, Aurojit and Zhang, Lingming},
title = {NNSmith: Generating Diverse and Valid Test Cases for Deep Learning Compilers},
year = {2023},
isbn = {9781450399166},
publisher = {Association for Computing Machinery},
address = {New York, NY, USA},
url = {https://doi.org/10.1145/3575693.3575707},
doi = {10.1145/3575693.3575707},
booktitle = {Proceedings of the 28th ACM International Conference on Architectural Support for Programming Languages and Operating Systems, Volume 2},
pages = {530–543},
numpages = {14},
keywords = {Deep Learning Compilers, Compiler Testing, Fuzzing},
location = {Vancouver, BC, Canada},
series = {ASPLOS 2023}
}

@INPROCEEDINGS{resnet,
  author={He, Kaiming and Zhang, Xiangyu and Ren, Shaoqing and Sun, Jian},
  booktitle={2016 IEEE Conference on Computer Vision and Pattern Recognition (CVPR)}, 
  title={Deep Residual Learning for Image Recognition}, 
  year={2016},
  volume={},
  number={},
  pages={770-778},
  doi={10.1109/CVPR.2016.90}
}

@inproceedings{attention,
 author = {Vaswani, Ashish and Shazeer, Noam and Parmar, Niki and Uszkoreit, Jakob and Jones, Llion and Gomez, Aidan N and Kaiser, \L ukasz and Polosukhin, Illia},
 booktitle = {Advances in Neural Information Processing Systems},
 editor = {I. Guyon and U. Von Luxburg and S. Bengio and H. Wallach and R. Fergus and S. Vishwanathan and R. Garnett},
 pages = {},
 publisher = {Curran Associates, Inc.},
 title = {Attention is All you Need},
 url = {https://proceedings.neurips.cc/paper_files/paper/2017/file/3f5ee243547dee91fbd053c1c4a845aa-Paper.pdf},
 volume = {30},
 year = {2017}
}

@inproceedings {tvm,
author = {Tianqi Chen and Thierry Moreau and Ziheng Jiang and Lianmin Zheng and Eddie Yan and Haichen Shen and Meghan Cowan and Leyuan Wang and Yuwei Hu and Luis Ceze and Carlos Guestrin and Arvind Krishnamurthy},
title = {{TVM}: An Automated {End-to-End} Optimizing Compiler for Deep Learning},
booktitle = {13th USENIX Symposium on Operating Systems Design and Implementation (OSDI 18)},
year = {2018},
isbn = {978-1-939133-08-3},
address = {Carlsbad, CA},
pages = {578--594},
url = {https://www.usenix.org/conference/osdi18/presentation/chen},
publisher = {USENIX Association},
month = oct,
}

@misc{xla,
title	= {XLA : Compiling Machine Learning for Peak Performance},
author	= {Amit Sabne},
year	= {2020}
}

@misc{ptjit,
	title = {{TorchScript {\ifmmode---\else\textemdash\fi} PyTorch 2.0 documentation}},
	year = {2023},
	month = may,
	note = {[Online; accessed 22. May 2023]},
	url = {https://pytorch.org/docs/stable/jit.html}
}

